@article{bradley1978robustness,
  title={Robustness?},
  author={Bradley, James V},
  journal={British Journal of Mathematical and Statistical Psychology},
  volume={31},
  number={2},
  pages={144--152},
  year={1978},
  publisher={Wiley Online Library}
}

@article{owusu2019electronic,
  title={Electronic Health Records Adoption in China’s Hospitals: A Narrative Review},
  author={Owusu-Marfo, Joseph and Lulin, Zhou and Antwi, Henry Asante and Antwi, Maxwell Opuni},
  year={2019}
}

@article{kumah2018electronic,
  title={Electronic health record interactions through voice: a review},
  author={Kumah-Crystal, Yaa A and Pirtle, Claude J and Whyte, Harrison M and Goode, Edward S and Anders, Shilo H and Lehmann, Christoph U},
  journal={Applied clinical informatics},
  volume={9},
  number={3},
  pages={541},
  year={2018},
  publisher={Thieme Medical Publishers}
}

@article{king2014clinical,
  title={Clinical benefits of electronic health record use: national findings},
  author={King, Jennifer and Patel, Vaishali and Jamoom, Eric W and Furukawa, Michael F},
  journal={Health services research},
  volume={49},
  number={1pt2},
  pages={392--404},
  year={2014},
  publisher={Wiley Online Library}
}

@inproceedings{shanafelt2016relationship,
  title={Relationship between clerical burden and characteristics of the electronic environment with physician burnout and professional satisfaction},
  author={Shanafelt, Tait D and Dyrbye, Lotte N and Sinsky, Christine and Hasan, Omar and Satele, Daniel and Sloan, Jeff and West, Colin P},
  booktitle={Mayo Clinic Proceedings},
  volume={91},
  number={7},
  pages={836--848},
  year={2016},
  organization={Elsevier}
}

@inproceedings{li2019building,
  title={Building Electronic Health Record using Voice Recognition and Big Data Techniques},
  author={Li, Gangmin and Qian, Yifu and Huang, Yingjian and Chen, Jiamin and Bai, Xuming},
  booktitle={2nd Symposium on Health and Education 2019 (SOHE 2019)},
  year={2019},
  organization={Atlantis Press}
}

@misc{doyle2010determining,
  title={Determining voice recognition accuracy in a voice recognition system},
  author={Doyle, Sean},
  year={2010},
  month=feb # "~23",
  publisher={Google Patents},
  note={US Patent 7,668,710}
}

@misc{GoogleAPI,
   author = {PyPI},
   title = {Google Voice Recognition API},
   howpublished = {\url{https://pypi.org/project/SpeechRecognition/}}
}

@misc{BaiduAPI,
   author = {Baidu},
   title = {Baidu Voice Recognition API},
   howpublished = {\url{https://ai.baidu.com/tech/speech}}
}

@misc{Alexa,
   author = {Amazon},
   title = {Alexa Voice Assistant of Amazon},
   howpublished = {\url{https://www.digitaltrends.com/home/what-is-amazons-alexa-and-what-can-it-do/#:~:text=While%20Alexa%20is%20the%20official%20name%20for%20Amazon’s,to%20be%20Alexa%20or%20something%20that%20sounds%20similar}}
}

@misc{Saykara,
   author = {Saykara},
   title = {Saykara Mobile AI Assistant for Physicians},
   howpublished = {\url{https://www.saykara.com}}
}

@misc{Suki,
   author = {Suki},
   title = {Suki AI-powered, Voice-enabled Digital Assistant for Doctors},
   howpublished = {\url{https://www.suki.ai}}
}

@misc{Iflytek,
   author = {Iflytek},
   title = {Iflytek Voice EHR System},
   howpublished = {\url{https://www.iflytek.com/index.html}}
}

@inproceedings{che2010ltp,
  title={Ltp: A chinese language technology platform},
  author={Che, Wanxiang and Li, Zhenghua and Liu, Ting},
  booktitle={Coling 2010: Demonstrations},
  pages={13--16},
  year={2010}
}